[gd_scene load_steps=4 format=2]

[ext_resource path="res://info_box.gd" type="Script" id=1]
[ext_resource path="res://assets/buttons/close.png" type="Texture" id=2]
[ext_resource path="res://assets/buttons/close_pressed.png" type="Texture" id=3]

[node name="info_box" type="PanelContainer"]
margin_top = 79.0
margin_right = 312.0
margin_bottom = 335.0
size_flags_vertical = 3
script = ExtResource( 1 )
__meta__ = {
"_edit_use_anchors_": false
}

[node name="VBoxContainer" type="VBoxContainer" parent="."]
margin_left = 7.0
margin_top = 7.0
margin_right = 305.0
margin_bottom = 249.0

[node name="ButtonContainer" type="HBoxContainer" parent="VBoxContainer"]
visible = false
margin_right = 298.0
margin_bottom = 11.0
alignment = 2

[node name="close_button" type="TextureButton" parent="VBoxContainer/ButtonContainer"]
margin_left = 288.0
margin_right = 298.0
margin_bottom = 11.0
texture_normal = ExtResource( 2 )
texture_pressed = ExtResource( 3 )

[node name="name" type="Label" parent="VBoxContainer"]
margin_right = 298.0
margin_bottom = 14.0
text = "name"
__meta__ = {
"_edit_use_anchors_": false
}

[node name="description" type="Label" parent="VBoxContainer"]
margin_top = 18.0
margin_right = 298.0
margin_bottom = 32.0
text = "desc"

[node name="production_label" type="Label" parent="VBoxContainer"]
margin_top = 36.0
margin_right = 298.0
margin_bottom = 50.0
text = "production:"
__meta__ = {
"_edit_use_anchors_": false
}

[node name="production" type="ItemList" parent="VBoxContainer"]
margin_top = 54.0
margin_right = 298.0
margin_bottom = 102.0
size_flags_vertical = 3

[node name="consumption_label" type="Label" parent="VBoxContainer"]
margin_top = 106.0
margin_right = 298.0
margin_bottom = 120.0
text = "consumption:"
__meta__ = {
"_edit_use_anchors_": false
}

[node name="consumption" type="ItemList" parent="VBoxContainer"]
margin_top = 124.0
margin_right = 298.0
margin_bottom = 172.0
size_flags_vertical = 3

[node name="storage_label" type="Label" parent="VBoxContainer"]
margin_top = 176.0
margin_right = 298.0
margin_bottom = 190.0
text = "storage:"
__meta__ = {
"_edit_use_anchors_": false
}

[node name="storage" type="ItemList" parent="VBoxContainer"]
margin_top = 194.0
margin_right = 298.0
margin_bottom = 242.0
size_flags_vertical = 3

[connection signal="pressed" from="VBoxContainer/ButtonContainer/close_button" to="." method="_on_close_button_pressed"]
