[gd_scene load_steps=10 format=2]

[ext_resource path="res://assets/pipe.png" type="Texture" id=1]
[ext_resource path="res://Machines/template/IOPoint.tscn" type="PackedScene" id=2]
[ext_resource path="res://Lines/template/Line.gd" type="Script" id=3]
[ext_resource path="res://info_box.tscn" type="PackedScene" id=4]
[ext_resource path="res://Lines/template/LineJoint.tscn" type="PackedScene" id=5]
[ext_resource path="res://assets/buttons/delete_pressed.png" type="Texture" id=6]
[ext_resource path="res://assets/buttons/delete.png" type="Texture" id=7]

[sub_resource type="CircleShape2D" id=1]
radius = 25.0

[sub_resource type="CircleShape2D" id=2]
radius = 25.0

[node name="Line" type="Node2D"]
script = ExtResource( 3 )
production = {
}
consumption = {
}
storage = {
"water": 60.0
}
machine_name = "Water Line"
info_string = "Transports water."
valid_detection_area_path = NodePath("rotation_node/end/detection_area")
end_point_path = NodePath("rotation_node/end/IOPoint")
start_point_path = NodePath("rotation_node/start/IOPoint")

[node name="rotation_node" type="Node2D" parent="."]

[node name="start" type="KinematicBody2D" parent="rotation_node"]
input_pickable = true
collision_layer = 8

[node name="Sprite" type="Sprite" parent="rotation_node/start"]
texture = ExtResource( 1 )

[node name="CollisionShape2D" type="CollisionShape2D" parent="rotation_node/start"]
shape = SubResource( 1 )

[node name="IOPoint" parent="rotation_node/start" instance=ExtResource( 2 )]
rate = 3.0

[node name="DampedSpringJoint2D" parent="rotation_node" instance=ExtResource( 5 )]
node_a = NodePath("../start")
node_b = NodePath("../end")

[node name="end" type="KinematicBody2D" parent="rotation_node"]
input_pickable = true
collision_layer = 8
collision_mask = 5

[node name="Sprite" type="Sprite" parent="rotation_node/end"]
texture = ExtResource( 1 )

[node name="CollisionShape2D" type="CollisionShape2D" parent="rotation_node/end"]
shape = SubResource( 2 )

[node name="IOPoint" parent="rotation_node/end" instance=ExtResource( 2 )]
io = 1
rate = 3.0

[node name="detection_area" type="Area2D" parent="rotation_node/end"]
collision_layer = 16
collision_mask = 16

[node name="CollisionShape2D2" type="CollisionShape2D" parent="rotation_node/end/detection_area"]
shape = SubResource( 2 )

[node name="info_box" parent="." instance=ExtResource( 4 )]
visible = false
margin_left = 3.36743
margin_top = 26.2443
margin_right = 315.367
margin_bottom = 182.244
show_production = false
show_consumption = false
show_top_buttons = true

[node name="VBoxContainer" parent="info_box" index="0"]
margin_bottom = 149.0

[node name="production" parent="info_box/VBoxContainer" index="4"]
margin_bottom = 54.0

[node name="consumption_label" parent="info_box/VBoxContainer" index="5"]
margin_top = 58.0
margin_bottom = 72.0

[node name="consumption" parent="info_box/VBoxContainer" index="6"]
margin_top = 76.0
margin_bottom = 76.0

[node name="storage_label" parent="info_box/VBoxContainer" index="7"]
margin_top = 80.0
margin_bottom = 94.0

[node name="storage" parent="info_box/VBoxContainer" index="8"]
margin_top = 98.0
margin_bottom = 98.0

[node name="delete_button" type="TextureButton" parent="info_box/VBoxContainer" index="9"]
margin_top = 102.0
margin_right = 298.0
margin_bottom = 142.0
texture_normal = ExtResource( 7 )
texture_pressed = ExtResource( 6 )

[node name="AudioStreamPlayer2D" type="AudioStreamPlayer2D" parent="."]

[connection signal="input_event" from="rotation_node/start" to="." method="_on_StaticBody2D_input_event"]
[connection signal="input_event" from="rotation_node/end" to="." method="_on_StaticBody2D_input_event"]
[connection signal="pressed" from="info_box/VBoxContainer/delete_button" to="." method="_on_delete_button_pressed"]

[editable path="info_box"]
