[gd_scene load_steps=6 format=2]

[ext_resource path="res://Machines/template/Machine.gd" type="Script" id=1]
[ext_resource path="res://info_box.tscn" type="PackedScene" id=2]
[ext_resource path="res://assets/buttons/delete_pressed.png" type="Texture" id=3]
[ext_resource path="res://assets/buttons/delete.png" type="Texture" id=4]
[ext_resource path="res://assets/sound effects/place.wav" type="AudioStream" id=5]

[node name="Machine" type="Node2D"]
script = ExtResource( 1 )

[node name="rotation_node" type="Node2D" parent="."]
z_index = -1

[node name="Sprite" type="Sprite" parent="rotation_node"]

[node name="StaticBody2D" type="StaticBody2D" parent="rotation_node"]
input_pickable = true
collision_mask = 9

[node name="detection_area" type="Area2D" parent="rotation_node"]
collision_layer = 16
collision_mask = 16

[node name="info_box" parent="." instance=ExtResource( 2 )]
visible = false
margin_bottom = 379.0
show_top_buttons = true

[node name="VBoxContainer" parent="info_box" index="0"]
margin_bottom = 293.0

[node name="delete_button" type="TextureButton" parent="info_box/VBoxContainer" index="9"]
margin_top = 246.0
margin_right = 298.0
margin_bottom = 286.0
texture_normal = ExtResource( 4 )
texture_pressed = ExtResource( 3 )

[node name="AudioStreamPlayer2D" type="AudioStreamPlayer2D" parent="."]
stream = ExtResource( 5 )

[connection signal="input_event" from="rotation_node/StaticBody2D" to="." method="_on_StaticBody2D_input_event"]
[connection signal="pressed" from="info_box/VBoxContainer/delete_button" to="." method="_on_delete_button_pressed"]

[editable path="info_box"]
